@STRING{ieeetcas="IEEE Transactions on Circuits and Systems"}
@STRING{ieeetcas1="IEEE Transactions on Circuits and Systems - I"}


@Article{homo_zeroes,
  author =       "Shui Nee Chow and John Mallet-Paret and James A.
                 Yorke",
  title =        "Finding zeroes of maps: homotopy methods that are
                 constructive with probability one",
  journal =      j-MATH-COMPUT,
  volume =       "32",
  number =       "143",
  pages =        "887-899",
  month =        jul,
  year =         "1978"}


 @Book{homo_spectre,
	Author	=  "Cadence Design System, Inc.",
	Title	= "Affirma Spectre Circuit Simulator User Guide",
        Pages	= "17",
	Publisher= "Cadence Design System, Inc.",
	Year    = 2000}

@Book{homo_hspice,
	Author	= "Avant! Corporation",
	Title	= "Star-Hspice Manual",
        Pages	= "6-1",
	Publisher= "Avant! Corporation",
	Year    = 1998}


@Book{homo_aplac,
	Author	= "Aplac Solutions Corporation",
	Title	= "Aplac Manual: DC analysis",
	Publisher= "Aplac Solutions Corporation",
	Year    = 2004}


@Book{homo_brice,
	Author	= "Brice Carnahan and H.A. Luther and James O. Wilkes",
	Title	= "Applied Numerical Methods",
	Publisher= "John Wiley \& sons",
	Year    = 1969}


@article{homo_murphys,
        Author  = "Roberto Murphy Arteaga",
        Title   = "Implementaci\'on en lenguaje C del modelo BSIM modificado",
        journal = "Curso: F\'{\i}sica y modelado del transistor MOS, Colaboraci\'on personal",
        Month   = "INAOE, Septiembre",
        Year    =  2001}



@article{homo_jaewook,
	Author	= "Jaewook Lee and Hsiao-Dong Chiang",
	Title	= "Constructive homotopy methods for finding all or multiple DC operating points of nonlinear circuits and systems ",
	journal = "IEEE Transactions on Circuits and Systems I-Fundamental Theory and Applications",
	Pages	= "51-66",
        Volume	= "48", 
	Number	= "1",
        Month   = "Junary",
	Year	=  2001}



@article{homo_richter,
	Author	= "S.L. Richter and R.A. DeCarlo",
	Title	= "Continuation Methods: Theory and Applications ",
	journal = " IEEE Transactions on Circuits and Systems",
	Pages	= "347-352",
        Volume	= "CAS-30", 
	Number	= "6",
        Month   = "June",
	Year	=  1983}


@article{homo_ushida1,
	Author	= "Akio USHIDA and Yoshihiro YAMAGAMI and Ikkei KINOUCHI and Yoshifumi NISHIO and Yasuaki INOUE",
	Title	= "An Efficient Algorithm for Finding Multiple DC Solutions Based on the SPICE-Oriented Newton Homotopy Method",
	journal = "IEEE Transactions on Computer-Aided Design of Integrated Circuits and Systems",
	Pages	= "337-348",
        Volume	= "21", 
	Number	= "3",
        Month   = "March",
	Year	=  2002}


@article{homo_iscas05,
        Author  = "Hector V\'azquez-Leal and Luis Hern\'andez-Mart\'{\i}nez and Arturo Sarmiento-Reyes",
        Title   = "Double-Bounded Homotopy for analysing nonlinear resistive circuits",
        journal = "International Symposium on Circuits and Systems",
        Month   = "May",
        Year    =  2005}





@article{homo_iberchip03,
        Author  = "Hector V\'azquez-Leal and Luis Hern\'andez-Mart\'{\i}nez and Arturo Sarmiento-Reyes",
        Title   = "Numerical Path Following for Double Bounded Homotopy scheme for
 analysing nonlinear resistive circuits",
        journal = "IBERCHIP",
        Year    =  2003}









@Book{homo_sze,
	Author	=   "S. M. SZE",
	Title	=   "Semiconductor Devices: Physics and technology",
	Publisher=  "JOHN WILEY SONS",
	Year	= 1985}

@Book{homo_shur,
	Author	=   "Michael Shur",
	Title	=   "Introduction to Electronic devices",
	Publisher=  "JOHN WILEY  SONS",
	Year	= 1996}




@article{homo_dlimite,
	Author	= "H\'ector V\'azquez-Leal and Luis Hern\'andez Mart\'{\i}nez and Arturo Sarmiento Reyes",
	Title	= "Double Bounded Homotopy Applied to Nonlinear Circuits Simulation",
	journal = "Springer Verlag, Applicable Algebra in Engineering, Communication and Computing",
	Year	=  2004}

@article{homo_coercitivo,
	Author	= " L. Trajkovi\'{c} and R. C. Melville and San-Ching Fang",
	Title	= "Passivity and no-gain properties establish global convergence of a homotopy for dc operating points",
	journal = "IEEE International Symposium on Circuit and Systems",
	Year	=  1990 }




@article{homo_green2,
	Author	= "Michael M. Green",
	Title	= "An efficient continuation method for use in globally convergent dc circuit simulation",
	journal = "ISSSE  Proceedings ",
	Pages	= "497-500",
        Month = "Octuber",
	Year	=  1995}



@article{homo_wfisica,
	Author	= "S. R. Valluri and D.J. Jeffrey and R. M. Corless",
	Title	= "Some applications of Lambert $\cal W$ function to physics",
	journal = "Can. J. Phys.",
	Pages	= "823-831",
        Volume	= "78",
	Number	= "9",
	Year	=  2000}

@article{homo_banwell,
	Author	= "T.C Banwell and A. Jayakumar",
	Title	= "Exact analytical solution for current flow through with series of resistence",
	journal = "Electronics letters",
	Pages	= "291-292",
        Volume	= "36",
	Number	= "4",
        Month   = "December",
	Year	=  1999}

@article{homo_banwell2,
	Author	= "Thomas C. Banwell",
	Title	= "Bipolar Transistor circuit analysis using the lambert W-function",
	journal = "Electronics letters",
	Pages	= "291-292",
        Volume	= "36",
	Number	= "4",
        Month   = "December",
	Year	=  1999}



@Book{homo_luish,
	Author	= "Luis Hern\'andez Mart\'{\i}nez",
	Title	= "Assessing the uniqueness of the DC solutions of nonlinear resistive circuits by topology-oriented methods",
	Publisher= "INAOE",
	Year	= 2001}

@article{homo_green,
	Author	= "Leonid B. Goldgeisser and Michael M. Green",
	Title	= "A novel algorithm that f\text{i}nds multiple operating points of nonlinear circuits automatically",
	journal = "International Symposium on Circuit and Systems",
	Pages	= "558-561",
	Year	=  1998}



@article{homo_hasler,
	Author	= "Mark Foss\'eprez and Martin Hasler",
	Title	= "Resistive circuit topologies that admit several solutions",
	journal = "International Journal on International Theory and Applications",
        Month	= "December",
	Year	=  1990}




@article{homo_onlambert,
	Author	= "Robert M. Corless and G. H. Gonnet and D. E. G. Hare and D. J. Jeffrey and D. E. Knuth",
	Title	= "On the Lambert W Function",
	journal = "Advances in Computational Mathematics",
        Volume	= "5",
	Pages	= "329-359",
	Year	=  1996}
@article{homo_lambertsec,
	Author	= "Robert M. Corless and David J. Jeffrey and Donald E. Knuth",
	Title	= "A Sequence of Series for the Lambert W Function",
	journal = "Proceedings ISSAC",
	Pages	= "197-204",
	Year	=  1997}

@article{homo_lambertmaple,
	Author	= "Robert M. Corless and G. H. Gonnet and D. E. G. Hare and D. J. Jeffrey",
	Title	= "Lambert's W Function in Maple",
	journal = "Maple Technical Newsletter 9",
	Pages	= "12-22",
	Year	=  1993}

@article{homo_seydel,
	Author	= "R. Seydel",
	Title	= "Tracing Branches",
	journal = "World of Bifurcation",
        Month	= "June",
	Year	=  1999}

@article{homo_sosonkina,
	Author	= "Maria Sosonkina and Layne T. Watson and David E. Stewart",
	Title	= "Note on the End Game in homotopy Zero Curve Tracking",
	journal = "ACM Transantions On Mathematical Software",
        Volume	= "22",
	Number	= "3",
        Month	= "September",
	Pages	= "281-287",
	Year	=  1996}


@Book{homo_allgower,
	Author	= "Eugene L. Allgower and Kurt Georg",
	Title	= "Numerical Path Following",
	Year	= 1994}



@Book{homo_allgower2,
	Author	= "Eugene L. Allgower and Kurt Georg",
	Title	= "Continuation and Path Following",
	Year	= 1992}

@article{homo_BSIM,
	Author	= "Jen, S.H. and Sheu, B.J. and Oshima, Y.",
	Title	= "A Unified Approach to Submicron DC MOS Transistor Modeling for Low-Voltage ICs",
	journal = "Analog Integrated Circuits and Signal Processing",
	Volume	= "12",
	Pages	= "107-118",
	Year	=  1997} 


@article{homo_dobletrazado,
	Author	= "H. V\'azquez-Leal and L. Hern\'andez-Mart\'{\i}nez and A. Sarmiento-Reyes and R. S. Murphy-Arteaga",
	Title	= "Improving Multi-parameter Homotopy via Symbolic Analysis Techniques for Circuit Simulation",
	journal = "2003 European Conference on Circuit Theory and Design",
	Pages	= "402-405",
	Volume	= "II",
	Year	=  2003}


@article{homo_MOS,
	Author	= "{J.S.} Roychowdhury and {R.C.} Melville",
	Title	= "Homotopy Techinques for Obtaining a DC solution of Large-Scal MOS Circuits",
	journal = "Design Automation Conference",
	Volume	= "33rd",
	Year	=  1996}


@article{homo_ebersmoll,
	Author	= "P. Antognetti and G. Massobrio",
	Title	= "Semiconductor device modeling with SPICE",
	journal = "New York: McGraw-Hill",
	Year	=  1988}


@article{homo_unspice,
	Author	= "M. M. Green and {A. N. Willson}",
	Title	= "An Algorithm for identifying unstable
operating points using spice",
	journal = "IEEE transactions on computer-aided design of
integrated circuits and systems",
	Volume	= "14",
	Number	= "3",
	Pages	= "360-361",
	Month	= "March",
	Year	= 1995 }


@article{homo_chua,
	Author	= "A. Ushida and {L. O. Chua}",
	Title	= "Tracing Solution curves of non-linear equations
with sharp turning points",
	journal = "Circuit Theory and Applications",
	Volume	= "12",
	Pages	= "1-21",
	Year	= 1984 }


@article{homo_ekv,
	Author	= "Matthias Bucher and Christophe Lallement and Christian Enz and Fabien Th\'eodoloz and Francois Krummenacher",
	Title	= "The {EPFL-EKV MOSFET} model equations for simulation",
	journal = "Technical report",
        Month	= "July",
	Year	=  1998}

@article{homo_unspice,
	Author	= "M. M. Green and {A. N. Willson}",
	Title	= "An Algorithm for identifying unstable
operating points using spice",
	journal = "IEEE transactions on computer-aided design of
integrated circuits and systems",
	Volume	= "14",
	Number	= "3",
	Pages	= "360-361",
	Month	= "March",
	Year	= 1995 }

@article{homo_green05,
	Author	= "Leonid B. Goldgeisser and Michael M. Green",
	Title	= "A Method for Automatically finding Multiple Operating Points in Nonlinear Circuits",
	journal = "IEEE transactions on circuits and systems-I: fundamental theory and aplications",
	Volume	= "52",
	Number	= "4",
	Pages	= "776-784",
	Month	= "April",
	Year	= 2005 }



@article{homo_mmganw,
	Author	= "Michel M. Green and {Alan N. Willson}",
	Title	= "On the relationship between negative
differential and stability of nonlinear one-ports",
	journal = "IEEE transactions on circuits
and systems-I: fundamental theory and aplications",
	Volume	= "43",
	Number	= "5",
	Month	= "May",
	Year	=  1996}

@Book{homo_ogrodzki,
	Author	= "Jan Ogrodzki",
	Title	= "Circuit simulation: methods and algorithms",
	Publisher= "CRC Press Inc",
	Year	= 1994}

@article{homo_DWolfMulti,
	Author	= "Denise M. Wolf and Seth R. Sanders",
	Title	= "Multiparameter Homotopy Methods for f\text{i}nding
DC operating points of Nonlinear Circuits",
	journal = "IEEE transactions on circuits and
systems-I: fundamental theory and aplications",
	Volume	= "43",
	Number	= "10",
	Pages	= "824-837",
	Month	= "October",
	Year	= 1996 }


@article{homo_ArtificialP,
	Author	= "R. C. Melville and L. Trajkovi\'{c}",
	Title	= "Artif\text{i}cial Parameter Homotopy Methods for
the DC Operating Point Problem",
	journal = "IEEE transactions on computer-aided design of
integrated circuits and systems",
	Volume	= "12",
	Number	= "6",
	Pages	= "861-877",
	Month	= "June",
	Year	=  1997 }


@article{homo_nishi1,
	Author	= "T. N. and L. O. Chua",
	Title	= "Topological criteria for nonlinear restive circuits containing controlled sources to have a unique solution",
	journal = "IEEE transactions on circuits
and systems",
	Volume	= "31",
	Number	= "8",
        Pages	= "722-741",
	Month	= "August",
	Year	=  1984}

@article{homo_Allan1,
	Author	= "A. N. Willson",
	Title	= "Some aspects of the theory of nonlinear networks",
	journal = "Proceedings of the IEEE",
	Volume	= "66",
	Number	= "8",
	Pages	= "1092-1113",
        Month	= "August",
	Year	=  1973}
@article{homo_sar,
	Author	= "A. Sarmiento-Reyes and M.E. Miranda-Varela and L. Hern\'adez-Mart\'{\i}nez and R. Vargas-Bernal and H. V\'azquez Leal and R. Shibayama and A. Bocanegra-Haro",
	Title	= "Powering homotopy-based simulation with symbolic analysis ",
	journal = "SMACD 2000",
	Volume	= "",
	Number	= "",
	Pages	= "135--138",
        Month	= "October",
	Year	=  2000}


@article{homo_tadeusiewicz,
	Author	= "M. Tadeusiewicz and K. Glowienka",
	Title	= "A contraction algorithm for finding all the DC solutions of piecewise-linear circuits",
	journal = "J. Circuits, Syst. Comput.",
	Volume	= "4",
	Pages	= "319-336",
        Month	= "Sept.",
	Year	=  1994}


@article{homo_yamamurawise,
	Author	= "Kiyotaka Yamamura and T. Ohshima",
	Title	= "Finding all solutions of piecewise-linear resistive circuits using linear programming",
	journal = "IEEE transactions on circuits and
systems-I: fundamental theory and aplications",
	Volume	= "45",
	Pages	= "434-445",
        Month	= "Apr.",
	Year	=  1998}



@article{homo_yamamura,
	Author	= "Kiyotaka Yamamura and Tooru Sekiguchi and Yasuki Inuoe",
	Title	= "A f\text{i}xed-point homotopy method for solving modif\text{i}ed nodal equations",
	journal = "IEEE transactions on circuits and
systems-I: fundamental theory and aplications",
	Volume	= "46",
	Number	= "6",
	Pages	= "654-664",
        Month	= "June",
	Year	=  1999}



@article{homo_embedding,
	Author	= "Wolfgang Mathis and Ljiljana Trajkovi\'{c} and Uwe Feldmann",
	Title	= "Parameter embedding methods for finding dc operating points of transistor circuits",
	journal = "",
	Volume	= "",
	Number	= "",
	Pages	= "",
        Month	= "",
	Year	=  1995}
@article{homo_embeddingapp,
	Author	= "Ljiljana Trajkovi\'{c} and Wolfgang Mathis",
	Title	= "Parameter embedding methods for finding dc operating points: formulation and implementation",
	journal = "",
	Volume	= "",
	Number	= "",
	Pages	= "",
        Month	= "",
	Year	=  1995}
@article{homo_threading,
	Author	= "Ross Geoghgan and Jeffrey C. Lagarias and Robert C. Melville",
	Title	= "Threading homotopies and dc operating points of nonlinear circuits",
	journal = "Society for Industrial And Applied Mathematics ",
	Volume	= "9",
	Number	= "1",
	Pages	= "159-178",
        Month	= "December",
	Year	=  1998}

@Misc{maple1,
	Author	= "Bruce W. Char and Keith O.Geddes and Gaston H. Gonnet",
	Title	= "Maple {V} language reference manual",
	Howpublished= "Springer-Verlag, New York, 1994. ISBN/ISSN:0-387-97622-1"}
@Misc{maple2,
	Author	= "Andre Heck",
	Title	= "Introduction to maple",
	Howpublished= "Springer-Verlag, New York, 1993. ISBN/ISSN:0-387-97622-0"}


@article{homo_SMACD,
	Author	= "Arturo Sarmiento Reyes and H\'ector V\'azquez Leal",
	Title	= "Powering homotopy-based simulation with symbolic analysis",
	journal = "International  Workshop on Symbolic Methods in Circuit Design",
	Pages	= "135-138",
	Month	= "October",
	Year	= 2000 }



@article{homo_ICECS,
	Author	= "Arturo Sarmiento Reyes and H\'ector V\'azquez Leal",
	Title	= "An optimal reordering schema of homotopy equations for analysis of nonlinear resistive circuits",
	journal = "International IEEE Conference on Electronics, Circuits, and Systems",
	Pages	= "764-767",
	Month	= "Diciembre",
	Year	= 2000}


@article{homo_CONIELECOMP,
	Author	= "Arturo Sarmiento Reyes and H\'ector V\'azquez Leal",
	Title	= "Effect of the coupled variables in homotopic simulation of nonlinear resistive circuits",
	journal = "Congreso Internacional de Electr\'onica, Comunicaciones y Computadoras",
	Pages	= "220-223",
	Month	= "Febrero",
	Year	= 2001}


@article{homo_ECCTD,
	Author	= "Arturo Sarmiento Reyes and H\'ector V\'azquez Leal",
	Title	= "Using symbolic techniques to determine the effect of coupled variables in homotopic simulation",
	journal = "Enviado a European Conference on Circuit Theory and Design",
	Month	= "Agosto",
	Year	= 2001}

@article{homo_MIDWEST,
	Author	= "Arturo Sarmiento Reyes and Roberto Murphy Arteaga and H\'ector V\'azquez Leal",
	Title	= "A maple-based homotopic circuit simulation package",
	journal = "A enviarse a IEEE Midwest Symposium on Circuits and Systems",
	Month	= "Agosto",
	Year	= 2001}


@Misc{homo_Manny,
	Author	= "Mar\'{\i}a de las Nieves Ju\'arez Manny",
	Title	= "Desarrollo de un algoritmo de homotop\'{\i}a para la soluci\'on de circuitos electricos no lineales",
	Howpublished = "Tesis de Licenciatura",
        Note= "Buap, 1999"}

@Misc{homo_Rodrigo,
	Author	= "Rodrigo Rodriguez Torres",
	Title	= "Topological Implications in BJT Circuits Having Multiple DC Operating Points",
	Howpublished = "Tesis de Maestr\'{\i}a",
        Note= "INAOE, 1997"}


@Misc{homo_Ventura,
	Author	= "Ma. Del Rocio de Jes\'us Ventura",
	Title	= "Simulaci\'on de Circuitos Resistivos No Lineales vajo el Ambiente de MAPLE",
	Howpublished = "Tesis de Licenciatura",
        Note= "Instituto Tecnologico de Veracruz, 1999"}






