@STRING{ieeetcas="IEEE Transactions on Circuits and Systems"}
@STRING{ieeetcas1="IEEE Transactions on Circuits and Systems - I"}



@article{homo_DWolfMulti,
	Author	= "Denise M. Wolf and Seth R. Sanders",
	Title	= "Multiparameter Homotopy Methods for finding
DC operating points of Nonlinear Circuits",
	journal = "IEEE transactions on circuits and
systems-I: fundamental theory and aplications",
	Volume	= "43",
	Number	= "10",
	Pages	= "824-837",
	Month	= "October",
	Year	= 1996 }


@article{homo_ArtificialP,
	Author	= "R. C. Melville and L. Trajkovi\'{c}",
	Title	= "Artificial Parameter Homotopy Methods for
the DC Operating Point Problem",
	journal = "IEEE transactions on computer-aided design of
integrated circuits and systems",
	Volume	= "12",
	Number	= "6",
	Pages	= "861-877",
	Month	= "June",
	Year	=  1997 }


@article{homo_sar,
	Author	= "A. Sarmiento-Reyes and M.E. Miranda-Varela and L. Hern\'adez-Mart\'{\i}nez and R. Vargas-Bernal and H. V\'azquez Leal and R. Shibayama and A. Bocanegra-Haro",
	Title	= "Powering homotopy-based simulation with symbolic analysis ",
	journal = "SMACD 2000",
	Volume	= "",
	Number	= "",
	Pages	= "135--138",
        Month	= "October",
	Year	=  2000}

@article{homo_yamamura,
	Author	= "Kiyotaka Yamamura and Tooru Sekiguchi and Yasuki Inuoe",
	Title	= "A fixed-point homotopy method for solving modified nodal equations",
	journal = "IEEE transactions on circuits and
systems-I: fundamental theory and aplications",
	Volume	= "46",
	Number	= "6",
	Pages	= "654-664",
        Month	= "June",
	Year	=  1999}

@article{homo_embedding,
	Author	= "Wolfgang Mathis and Ljiljana Trajkovi\'{c} and Uwe Feldmann",
	Title	= "Parameter embedding methods for finding dc operating points of transistor circuits",
	journal = "",
	Volume	= "",
	Number	= "",
	Pages	= "",
        Month	= "",
	Year	=  1995}
@article{homo_embeddingapp,
	Author	= "Ljiljana Trajkovi\'{c} and Wolfgang Mathis",
	Title	= "Parameter embedding methods for finding dc operating points: formulation and implementation",
	journal = "",
	Volume	= "",
	Number	= "",
	Pages	= "",
        Month	= "",
	Year	=  1995}
@article{homo_threading,
	Author	= "Ross Geoghgan and Jeffrey C. Lagarias and Robert C. Melville",
	Title	= "Threading homotopies and dc operating points of nonlinear circuits",
	journal = "Society for Industrial And Applied Mathematics ",
	Volume	= "9",
	Number	= "1",
	Pages	= "159-178",
        Month	= "December",
	Year	=  1998}


@article{homo_SMACD,
	Author	= "Arturo Sarmiento Reyes and H\'ector V\'azquez Leal",
	Title	= "Powering homotopy-based simulation with symbolic analysis",
	journal = "International  Workshop on Symbolic Methods in Circuit Design",
	Pages	= "135-138",
	Month	= "October",
	Year	= 2000 }



@article{homo_ICECS,
	Author	= "Arturo Sarmiento Reyes and H\'ector V\'azquez Leal",
	Title	= "An optimal reordering schema of homotopy equations for analysis of nonlinear resistive circuits",
	journal = "International IEEE Conference on Electronics, Circuits, and Systems",
	Pages	= "764-767",
	Month	= "Diciembre",
	Year	= 2000}


@article{homo_CONIELECOMP,
	Author	= "Arturo Sarmiento Reyes and H\'ector V\'azquez Leal",
	Title	= "Effect of the coupled variables in homotopic simulation of nonlinear resistive circuits",
	journal = "Congreso Internacional de Electr\'onica, Comunicaciones y Computadoras",
	Pages	= "220-223",
	Month	= "Febrero",
	Year	= 2001}


@article{homo_ECCTD,
	Author	= "Arturo Sarmiento Reyes and H\'ector V\'azquez Leal",
	Title	= "Using symbolic techniques to determine the effect of coupled variables in homotopic simulation",
	journal = "Enviado a European Conference on Circuit Theory and Design",
	Month	= "Agosto",
	Year	= 2001}

@article{homo_MIDWEST,
	Author	= "Arturo Sarmiento Reyes and Roberto Murphy Arteaga and H\'ector V\'azquez Leal",
	Title	= "A maple-based homotopic circuit simulation package",
	journal = "A enviarse a IEEE Midwest Symposium on Circuits and Systems",
	Month	= "Agosto",
	Year	= 2001}


@Misc{homo_Manny,
	Author	= "Mar\'{\i}a de las Nieves Ju\'arez Manny",
	Title	= "Desarrollo de un algoritmo de homotop\'{\i}a para la soluci\'on de circuitos electricos no lineales",
	Howpublished = "Tesis de Licenciatura",
        Note= "Buap, 1999"}




