@article{c++1,
  Author =	 "B. Stroustrup",
  Title =	 "What Is Object-oriented Programming? (1991 Revised Version)",
  journal =	 "Proc. 1st European Software Festival",
  Month =	 "February",
  Year =	 1991
}

@Misc{maple1,
  Author =	 "Bruce W. Char and Keith O.Geddes and Gaston H. Gonnet",
  Title =	 "Maple {V} language reference manual",
  Howpublished = "Springer-Verlag, New York,
                  1994. ISBN/ISSN:0-387-97622-1"
}

@Misc{maple2,
  Author =	 "Andre Heck",
  Title =	 "Introduction to maple",
  Howpublished = "Springer-Verlag, New York,
                  1993. ISBN/ISSN:0-387-97622-0"
}

@Book{nordholt,
  Author =	 "E.H. Nordholt",
  Title =	 "Design of High Performance Negative-feedback
                  amplifiers",
  Publisher =	 "Elsevier Scientific",
  Year =	 1983
}

@Book{ott,
  author =	 "Henry W. Ott",
  title = 	 "Noise Reduction Techniques in Electron Systems",
  publisher = 	 "John Wiley \& Sons",
  year = 	 1976
}

@phdthesis{stoffels,
	  Author= "J. Stoffels",
	  Title	= "Automation in High-performance Negative Feedback Amplifier Design",
          School= "Delft University of Technology",
	  Year	= 1988}

@Book{vergers,
	Author	= "Charles A. Vergers",
	Title	= "Handbook of Electrical Noise",
	Publisher= "TAB Books",
	Year	= 1979}

@Book{verhoeven,
	Author	= "C.J.M. Verhoeven and A.van Staveren and G.L.E. Monna and M.H.L. Kouwenhoven",
	Title	= "Strutured Electronic Design, Negative-feedback Amplifiers",
        Publisher= "Delftese Uitgevers Maatschappij",     
	Year	= 2001}

@InProceedings{sarmiento,
  author = 	 "Arturo Sarmiento and Roberto Casta{\~n}eda and Luis Hern\'andez and Pr\'ospero L\'opez",
  title = 	 "Hierarchy in Noise Expressions for Nullor-Based Amplifiers",
  booktitle =	 "ICED Proceedings",
  year =	 2004}

@Manual{spice,
title = {SPICE3 Version 3f3 User's Manual},	
author =	 {T. Quarles and A.R. Newton and D.O. Perderson and A. Sangiovanni},
organization =	 {University of California},
address =	 {Berkeley, Ca., 94720},
month =		 {May},
year =		 1993
}


@Manual{aplac,
  title = 	 {APLAC Circuit Simulation \& Design Tool 7.80 Manual},
  organization = {APLAC Solutions Corporation},
  address =	 {Helsinki, Finland},
  year =	 2002
}

@Article{lee,
author = {D.K. Shaeffer and T.H. Lee},
title = {A 1.5V 1.5GHz CMOS Low Noise Amplifier},
journal = {VLSI Circuits Symp. Dig. Tech. Papers},
year = 1996,
pages =		 {32-33},
month =		 {June}
}

@Article{moschytz,
  author = 	 {G.S. Moschytz},
  title = 	 {Linear Integrated Networks: Fundamentals},
  journal = 	 {Bell Laboratory Series},
  year = 	 1974
}

@Article{carlin,
  author = 	 {H.J. Carlin},
  title = 	 {Singular Network Elements},
  journal = 	 {IEEE Trans. Circuit Theory},
  year = 	 1964,
  volume =	 11,
  pages =	 {67-72},
  month =	 {March}
}

@InCollection{svelto,
  author = 	 {F. Svelto and E. Sacchi and F. Gatta and D. Manstretta and R. Castello},
  title = 	 {CMOS Low-noise Amplifier Design},
  booktitle = 	 {Low-power Design Techniques and CAD Tools for Analog and RF Integrated Circuits},
  pages =	 {251-265},
  publisher =	 {Kluwer Academic Publishers},
  year =	 2001
}

@Manual{bfr520,
  title = 	 {BFR520 Product data sheet},
  organization = {Philips Electronics},
  month =	 {September},
  year =	 2004
}

