@STRING{ieeetcas="IEEE Transactions on Circuits and Systems"}
@STRING{ieeetcas1="IEEE Transactions on Circuits and Systems - I"}

@Book{nordholt,
        Author  = "E.H. Nordholt",
        Title   = "Design of High-Performance Negative-Feedback Amplifiers",
        Publisher= "Elsevier Scientific",
        Year    = 1983}

@PhdThesis{nordholt1,
  author = 	 {E.H. Nordholt},
  title = 	 {Design of High-Performance Negative-Feedback Amplifiers},
  school = 	 {Delft University of Technology, The Nertherlands},
  year = 	 1980
}

@Book{gray,
  author =	 {P.R. Gray and R.G. Meyer},
  title = 	 {Analysis and Design of Analog Integrated Circuits},
  publisher = 	 {John Wiley and Sons, Inc},
  year = 	 1993
}

@InProceedings{netzer,
  author = 	 {Y. Netzer},
  title = 	 {The Design of Low-Noise Amplifiers},
  booktitle =	 {Proc. IEEE},
  pages =	 {728-742},
  year =	 1981,
  volume =	 69,
  month =	 {June}
}

@Book{chang,
  author =	 {Z.Y. Chang and W.M.C. Sansen},
  title = 	 {Low-Noise Wide-Band Amplifiers in Bipolar and CMOS Technologies},
  publisher = 	 {Kluwer Academic},
  year = 	 1991
}

@Book{gilbert,
  author =	 {George Moschytz and Chris Toumazou and Barrie Gilbert},
  title = 	 {Trade-Offs in Analog Circuit Design - The Designer's Companion},
  publisher = 	 {Kluwer Academic},
  year = 	 2002
}

@Article{carlin,
  author = 	 {H.J. Carlin},
  title = 	 {Singular Network Elements},
  journal = 	 {IEEE Trans. Circuit Theory},
  year = 	 1964,
  volume =	 11,
  pages =	 {67-72},
  month =	 {March}
}

@InCollection{moschytz,
  author = 	 {G.S. Moschytz},
  title = 	 {Linear Integrated Networks: Fundamentals},
  booktitle = 	 {Bell Laboratories Series},
  publisher =	 {Bell Laboratories},
  year =	 1974
}


@Book{davenport,
  author =	 {W.B. Davenport and W.L. Root},
  title = 	 {An Introduction to the Theory of Random Signals and Noise},
  publisher = 	 {IEEE Press},
  year = 	 1987
}


@Book{peebles,
  author =	 {P.Z. Peebles},
  title = 	 {Probability, Random Variables, and Random Signal Principles},
  publisher = 	 {McGraw-Hill},
  year = 	 1980
}

@InProceedings{haus,
  author = 	 {H.A. Haus},
  title = 	 {Representation of noise in linear two-ports},
  booktitle =	 {Proc. IRE},
  pages =	 {69-74},
  year =	 1960,
  volume =	 48,
  month =	 {January}
}

